<record><leader>00000cas a22000007a 4500</leader><controlfield tag="001">10283228</controlfield><controlfield tag="008">840110d18721968njuwr ne      0    0eng d</controlfield><datafield ind1=" " ind2=" " tag="010"><subfield code="a">sn 84026089 </subfield></datafield><datafield ind1=" " ind2=" " tag="040"><subfield code="a">NPU</subfield><subfield code="b">eng</subfield><subfield code="c">NPU</subfield><subfield code="d">NPX</subfield><subfield code="d">NPA</subfield><subfield code="d">NJW</subfield><subfield code="d">NPH</subfield><subfield code="d">OCLCQ</subfield></datafield><datafield ind1=" " ind2=" " tag="042"><subfield code="a">msc</subfield></datafield><datafield ind1="0" ind2="4" tag="245"><subfield code="a">The Lambertville record.</subfield></datafield><datafield ind1=" " ind2=" " tag="260"><subfield code="a">Lambertville, N.J. :</subfield><subfield code="b">[Clark Pierson]</subfield></datafield><datafield ind1=" " ind2=" " tag="300"><subfield code="a">v. ;</subfield><subfield code="c">62 cm.</subfield></datafield><datafield ind1=" " ind2=" " tag="310"><subfield code="a">Weekly</subfield></datafield><datafield ind1="1" ind2=" " tag="362"><subfield code="a">Began with Sept. 24, 1872 issue; ceased in Apr. 1968.</subfield></datafield><datafield ind1=" " ind2=" " tag="500"><subfield code="a">Editor: Clark Pierson, 1872-&lt;1881&gt;.</subfield></datafield><datafield ind1=" " ind2=" " tag="500"><subfield code="a">"Republican."</subfield></datafield><datafield ind1=" " ind2=" " tag="588"><subfield code="a">Description based on: Vol. 1, no. 2 (Oct. 1, 1872).</subfield></datafield><datafield ind1=" " ind2=" " tag="752"><subfield code="a">United States</subfield><subfield code="b">New Jersey</subfield><subfield code="c">Hunterdon</subfield><subfield code="d">Lambertville.</subfield></datafield><datafield ind1="0" ind2=" " tag="775"><subfield code="t">New Hope news</subfield><subfield code="w">(OCoLC)18127602</subfield></datafield><datafield ind1="0" ind2="7" tag="785"><subfield code="t">Beacon (Lambertville, N.J. : 1937)</subfield><subfield code="w">(DLC)sn 84020461</subfield><subfield code="w">(OCoLC)10817185</subfield></datafield><datafield ind1="0" ind2="7" tag="785"><subfield code="t">Beacon and Lambertville record</subfield><subfield code="w">(DLC)sn 85035771</subfield><subfield code="w">(OCoLC)12101750</subfield></datafield><datafield ind1="1" ind2=" " tag="029"><subfield code="a">AU@</subfield><subfield code="b">000025839901</subfield></datafield></record>